<?xml version="1.0" encoding="UTF-8"?><collection xmlns="http://www.loc.gov/MARC21/slim"><record><leader>00676nam--2200193-i-4500</leader><controlfield tag="001">000005667</controlfield><controlfield tag="002">20161230</controlfield><controlfield tag="005">20161230201026</controlfield><controlfield tag="008">060222s1000------------r-----000-0-eng-d</controlfield><datafield ind1=" " ind2=" " tag="040"><subfield code="a">IFIN-HH</subfield></datafield><datafield ind1=" " ind2=" " tag="080"><subfield code="a">544.64</subfield></datafield><datafield ind1="1" ind2=" " tag="100"><subfield code="a">Brandenberger, E</subfield></datafield><datafield ind1="1" ind2="0" tag="245"><subfield code="a">Rontgenographische chemie</subfield><subfield code="b">Moglchkeiten und ergebnisse von untersuchungen mit rontgen- und elektroneninterferenzen in der chemie</subfield><subfield code="c">E. brandenberger, w. epprecht</subfield></datafield><datafield ind1=" " ind2=" " tag="260"><subfield code="a">Basel</subfield><subfield code="b">Birkhauser Verlag</subfield><subfield code="c">1960</subfield></datafield><datafield ind1=" " ind2=" " tag="300"><subfield code="a">272 P</subfield></datafield><datafield ind1=" " ind2=" " tag="490"><subfield code="a">Chemiische Reihe. Lehrbucher Und Monographien Aus Dem Gebiete Der Exakten Wissenschaften</subfield></datafield><datafield ind1="1" ind2=" " tag="700"><subfield code="a">Epprecht, W</subfield></datafield><datafield ind1=" " ind2=" " tag="852"><subfield code="a">16733</subfield><subfield code="c">537.531</subfield></datafield><datafield ind1=" " ind2=" " tag="CAT"><subfield code="a">Sys</subfield><subfield code="c">20110809</subfield><subfield code="h">113402</subfield></datafield></record></collection>